<record><leader>00000cas a22000007a 4500</leader><controlfield tag="001">9304755</controlfield><controlfield tag="008">830312d18821884iauwr ne      0   a0eng d</controlfield><controlfield tag="009">3770</controlfield><datafield ind1=" " ind2=" " tag="010"><subfield code="a">sn 83025190 </subfield></datafield><datafield ind1=" " ind2=" " tag="040"><subfield code="a">NPV</subfield><subfield code="b">eng</subfield><subfield code="c">NPV</subfield><subfield code="d">INP</subfield></datafield><datafield ind1="1" ind2=" " tag="029"><subfield code="a">AU@</subfield><subfield code="b">000025809403</subfield></datafield><datafield ind1=" " ind2=" " tag="042"><subfield code="a">msc</subfield></datafield><datafield ind1=" " ind2=" " tag="043"><subfield code="a">n-us-ia</subfield></datafield><datafield ind1=" " ind2=" " tag="045"><subfield code="a">w8w8</subfield></datafield><datafield ind1=" " ind2=" " tag="052"><subfield code="a">4153</subfield><subfield code="b">A5</subfield></datafield><datafield ind1="0" ind2="4" tag="245"><subfield code="a">The District post.</subfield></datafield><datafield ind1=" " ind2=" " tag="260"><subfield code="a">Postville, Allamakee Co., Iowa :</subfield><subfield code="b">M.C. Mead,</subfield><subfield code="c">1882-1884.</subfield></datafield><datafield ind1=" " ind2=" " tag="300"><subfield code="a">2 v. :</subfield><subfield code="b">ill. (chiefly adv.)</subfield></datafield><datafield ind1=" " ind2=" " tag="310"><subfield code="a">Weekly</subfield></datafield><datafield ind1="0" ind2=" " tag="362"><subfield code="a">Vol. 1, no. 1 [(Aug. 10, 1882)]-v. 2, no. 33 (June 6, 1884).</subfield></datafield><datafield ind1=" " ind2=" " tag="500"><subfield code="a">Publisher varies.</subfield></datafield><datafield ind1=" " ind2=" " tag="500"><subfield code="a">"Devoted to the interests of the Greenback Party."</subfield></datafield><datafield ind1=" " ind2=" " tag="515"><subfield code="a">Vol. 1, no. 1 (Aug. 10, 1882) misdated Aug. 10, 1881.</subfield></datafield><datafield ind1="1" ind2=" " tag="700"><subfield code="a">Mead, M. C.</subfield></datafield><datafield ind1=" " ind2=" " tag="752"><subfield code="a">United States</subfield><subfield code="b">Iowa</subfield><subfield code="c">Allamakee</subfield><subfield code="d">Postville.</subfield></datafield><datafield ind1="0" ind2="4" tag="785"><subfield code="t">National advocate (Independence, Iowa : 1878)</subfield><subfield code="w">(DLC)sn 83025173</subfield></datafield></record>